<?xml version="1.0" encoding="UTF-8"?>
<record xmlns="http://www.loc.gov/MARC21/slim" xmlns:xsi="http://www.w3.org/2001/XMLSchema-instance" xsi:schemaLocation="http://www.loc.gov/MARC21/slim http://www.loc.gov/standards/marcxml/schema/MARC21slim.xsd">
<leader>00000cam a22      a 4500</leader>
<controlfield tag="001">001680097</controlfield>
<controlfield tag="003">NNU</controlfield>
<controlfield tag="005">20160107161113.0</controlfield>
<controlfield tag="008">900510s1969    iq       b    000 0 arar</controlfield>
<datafield tag="010" ind1=" " ind2=" ">
<subfield code="a">   71962217</subfield>
</datafield>
<datafield tag="035" ind1=" " ind2=" ">
<subfield code="a">(OCoLC)21506318</subfield>
</datafield>
<datafield tag="040" ind1=" " ind2=" ">
<subfield code="a">DLC</subfield>
<subfield code="b">eng</subfield>
<subfield code="c">WAU</subfield>
<subfield code="d">WAU</subfield>
<subfield code="d">IUL</subfield>
<subfield code="d">HIN</subfield>
<subfield code="d">OCLCF</subfield>
<subfield code="d">OCLCQ</subfield>
</datafield>
<datafield tag="050" ind1=" " ind2="4">
<subfield code="a">HM136</subfield>
<subfield code="b">.U69 1969</subfield>
</datafield>
<datafield tag="100" ind1="1" ind2=" ">
<subfield code="6">880-01</subfield>
<subfield code="a">ʻUraym, ʻAbd al-Jabbār.</subfield>
</datafield>
<datafield tag="245" ind1="1" ind2="0">
<subfield code="6">880-02</subfield>
<subfield code="a">Mushkilat al-mujtamaʻ al-ʻArabī al-muʻāṣir :</subfield>
<subfield code="b">baḥth taḥlīlī fī dirāsat al-mashākil al-ijtimāʻīyah al-ḥaḍārīyah /</subfield>
<subfield code="c">ʻAbd al-Jabbār ʻUraym.</subfield>
</datafield>
<datafield tag="260" ind1=" " ind2=" ">
<subfield code="6">880-03</subfield>
<subfield code="a">Baghdād :</subfield>
<subfield code="b">Maṭbaʻat al-Maʻārif,</subfield>
<subfield code="c">1969.</subfield>
</datafield>
<datafield tag="300" ind1=" " ind2=" ">
<subfield code="a">64 pages ;</subfield>
<subfield code="c">24 cm</subfield>
</datafield>
<datafield tag="336" ind1=" " ind2=" ">
<subfield code="a">text</subfield>
<subfield code="b">txt</subfield>
<subfield code="2">rdacontent</subfield>
</datafield>
<datafield tag="337" ind1=" " ind2=" ">
<subfield code="a">unmediated</subfield>
<subfield code="b">n</subfield>
<subfield code="2">rdamedia</subfield>
</datafield>
<datafield tag="338" ind1=" " ind2=" ">
<subfield code="a">volume</subfield>
<subfield code="b">nc</subfield>
<subfield code="2">rdacarrier</subfield>
</datafield>
<datafield tag="504" ind1=" " ind2=" ">
<subfield code="a">Includes bibliographical references.</subfield>
</datafield>
<datafield tag="650" ind1=" " ind2="0">
<subfield code="a">Culture conflict.</subfield>
</datafield>
<datafield tag="650" ind1=" " ind2="0">
<subfield code="a">Social conflict.</subfield>
</datafield>
<datafield tag="650" ind1=" " ind2="7">
<subfield code="a">Culture conflict.</subfield>
<subfield code="2">fast</subfield>
<subfield code="0">(OCoLC)fst00885099</subfield>
</datafield>
<datafield tag="650" ind1=" " ind2="7">
<subfield code="a">Social conflict.</subfield>
<subfield code="2">fast</subfield>
<subfield code="0">(OCoLC)fst01122378</subfield>
</datafield>
<datafield tag="776" ind1="0" ind2="8">
<subfield code="i">Online version:</subfield>
<subfield code="a">ʻUraym, ʻAbd al-Jabbār.</subfield>
<subfield code="t">Mushkilat al-mujtamaʻ al-ʻArabī al-muʻāṣir.</subfield>
<subfield code="d">Baghdād : Maṭbaʻat al-Maʻārif, 1969</subfield>
<subfield code="w">(OCoLC)577012047</subfield>
</datafield>
<datafield tag="776" ind1="0" ind2="8">
<subfield code="i">Online version:</subfield>
<subfield code="a">ʻUraym, ʻAbd al-Jabbār.</subfield>
<subfield code="t">Mushkilat al-mujtamaʻ al-ʻArabī al-muʻāṣir.</subfield>
<subfield code="d">Baghdād : Maṭbaʻat al-Maʻārif, 1969</subfield>
<subfield code="w">(OCoLC)608483218</subfield>
</datafield>
<datafield tag="880" ind1="1" ind2=" ">
<subfield code="6">100-01/</subfield>
<subfield code="a">عريم، عبد الجبار.</subfield>
</datafield>
<datafield tag="880" ind1="1" ind2="0">
<subfield code="6">245-02/</subfield>
<subfield code="a">مشكلة المجتمع العربي المعاصر :</subfield>
<subfield code="b">بحث تحليلي في دراسة المشاكل الاجتماعية الحضارية /</subfield>
<subfield code="c">عبد الجبار عريم.</subfield>
</datafield>
<datafield tag="880" ind1=" " ind2=" ">
<subfield code="6">260-03/</subfield>
<subfield code="a">بغداد :</subfield>
<subfield code="b">مطبعة المعارف،</subfield>
<subfield code="c">1969.</subfield>
</datafield>
<datafield tag="OWN" ind1=" " ind2=" ">
<subfield code="a">GENERAL</subfield>
</datafield>
<datafield tag="AVA" ind1=" " ind2=" ">
<subfield code="a">NYU50</subfield>
<subfield code="b">BOBST</subfield>
<subfield code="c">Main Collection</subfield>
<subfield code="d">HM136 .A68</subfield>
<subfield code="e">unavailable</subfield>
<subfield code="t">Unavailable</subfield>
<subfield code="f">1</subfield>
<subfield code="g">1</subfield>
<subfield code="h">N</subfield>
<subfield code="i">0</subfield>
<subfield code="j">MAIN</subfield>
<subfield code="k">0</subfield>
</datafield>
</record>
